
@misc{ wiki:latex,
       author = "Wikipedia",
       title = "LaTeX --- Wikipedia{,} La enciclopedia libre",
       year = "2015",
       url = "https://es.wikipedia.org/w/index.php?title=LaTeX&oldid=84209252",
       note = "[Internet; descargado 30-septiembre-2015]"
}


@article{bortolot2005,
  title={Estimating forest biomass using small footprint LiDAR data: An individual tree-based approach that incorporates training data},
  author={Bortolot, Zachary J and Wynne, Randolph H},
  journal={ISPRS Journal of Photogrammetry and Remote Sensing},
  volume={59},
  number={6},
  pages={342--360},
  year={2005},
  publisher={Elsevier}
}

@book{Chodorow:2010:MDG:1941134,
 author = {Chodorow, Kristina and Dirolf, Michael},
 title = {MongoDB: The Definitive Guide},
 year = {2010},
 isbn = {1449381561, 9781449381561},
 edition = {1st},
 publisher = {O'Reilly Media, Inc.},
}

@misc{ wiki:pyqt,
   author = "Wikipedia",
   title = "PyQt --- Wikipedia{,} The Free Encyclopedia",
   year = "2017",
   url = "https://en.wikipedia.org/w/index.php?title=PyQt&oldid=776050002",
note = "[Online; accessed
13-June-2017
]"
}

 @misc{ kivy:homepage,
   author = "Kivy",
   title = "Kivy: Cross-platform Python Framework for NUI Development",
   year = "2017",
   url = "https://kivy.org/#home",
note = "[Online; accessed
13-June-2017
]"
}

 @misc{ flaskmegatutorial,
   author = "Grinberg, Miguel",
   title = "The Flask Mega Tutorial",
   year = "2017",
   url = "https://blog.miguelgrinberg.com/post/the-flask-mega-tutorial-part-i-hello-world",
note = "[Online; accessed
15-June-2017
]"
}

@book{Grinberg:2014:FWD:2621997,
 author = {Grinberg, Miguel},
 title = {Flask Web Development: Developing Web Applications with Python},
 year = {2014},
 isbn = {1449372627, 9781449372620},
 edition = {1st},
 publisher = {O'Reilly Media, Inc.},
}

@Article{PER-GRA:2007,
  Author    = {P\'erez, Fernando and Granger, Brian E.},
  Title     = {{IP}ython: a System for Interactive Scientific Computing},
  Journal   = {Computing in Science and Engineering},
  Volume    = {9},
  Number    = {3},
  Pages     = {21--29},
  month     = may,
  year      = 2007,
  url       = "http://ipython.org",
  ISSN      = "1521-9615",
  doi       = {10.1109/MCSE.2007.53},
  publisher = {IEEE Computer Society},
}

 @misc{ pylucene:homepage,
   author = "Apache",
   title = "Apache Lucene - Welcome to PyLucene",
   year = "2017",
   url = "https://lucene.apache.org/pylucene/index.html",
note = "[Online; accessed
13-June-2017
]"
}

@misc{ wiki:lucene,
   author = "Wikipedia",
   title = "Apache Lucene --- Wikipedia{,} The Free Encyclopedia",
   year = "2017",
   url = "https://en.wikipedia.org/w/index.php?title=Apache_Lucene&oldid=785350210",
note = "[Online; accessed
13-June-2017
]"
 }
 
 @book{copeland2008essential,
  title={Essential sqlalchemy},
  author={Copeland, Rick},
  year={2008},
  publisher={" O'Reilly Media, Inc."}
}

@misc{richardson2007beautiful,
  title={Beautiful soup documentation},
  author={Richardson, Leonard},
  year={2007},
  publisher={April}
}

@misc{ beautifulsoup,
   author = "Crummy",
   title = "Beautiful Soup: We called him Tortoise because he taught us.",
   year = "2017",
   url = "https://www.crummy.com/software/BeautifulSoup/",
note = "[Online; accessed
13-June-2017
]"
 }
 
@article{pedregosa2011scikit,
  title={Scikit-learn: Machine learning in Python},
  author={Pedregosa, Fabian and Varoquaux, Ga{\"e}l and Gramfort, Alexandre and Michel, Vincent and Thirion, Bertrand and Grisel, Olivier and Blondel, Mathieu and Prettenhofer, Peter and Weiss, Ron and Dubourg, Vincent and others},
  journal={Journal of Machine Learning Research},
  volume={12},
  number={Oct},
  pages={2825--2830},
  year={2011}
}

@misc{ scikitlearn,
   author = "Andreas Müller and others",
   title = "scikit-learn: machine learning in Python — scikit-learn 0.18.1 documentation",
   year = "2017",
   url = "http://scikit-learn.org/stable/",
note = "[Online; accessed
13-June-2017
]"
 }
 
@misc{ feedparser,
   author = "Kurt McKee, Mark Pilgrim",
   title = "feedparser 5.2.1 : Python Package Index",
   year = "2017",
   url = "https://pypi.python.org/pypi/feedparser",
note = "[Online; accessed
13-June-2017
]"
 }

@misc{ lime,
   author = "Marco Tulio Correia Ribeiro",
   title = "Lime: Explaining the predictions of any machine learning classifier",
   year = "2017",
   url = "https://github.com/marcotcr/lime",
note = "[Online; accessed
13-June-2017
]"
 }
 
 @article{loria2014textblob,
  title={TextBlob: simplified text processing},
  author={Loria, Steven},
  journal={Secondary TextBlob: Simplified Text Processing},
  year={2014}
}
 
@article{shinyama2015pdfminer,
  title={PDFMiner: Python PDF parser and analyzer},
  author={Shinyama, Yusuke},
  journal={Retrieved on},
  volume={11},
  year={2015}
}

@misc{ pdfminer,
   author = "Yusuke Shinyama",
   title = "Python PDF Parser",
   year = "2017",
   url = "https://github.com/euske/pdfminer",
note = "[Online; accessed
13-June-2017
]"
 }
 
@misc{ countvectorizer,
   author = "Andreas Müller and others",
   title = "CountVectorizer documentation",
   year = "2017",
   url = "http://scikit-learn.org/stable/modules/generated/sklearn.feature_extraction.text.CountVectorizer.html",
note = "[Online; accessed
13-June-2017
]"
 }

@article{breiman1996bagging,
  title={Bagging predictors},
  author={Breiman, Leo},
  journal={Machine learning},
  volume={24},
  number={2},
  pages={123--140},
  year={1996},
  publisher={Springer}
}


@misc{ bagofwords,
   author = "Ralph Grishman",
   title = "Bag-of-Words Methods for Text Mining",
   year = "2017",
   url = "http://cs.nyu.edu/courses/spring15/CSCI-GA.2590-001/BagOfWords.pdf",
note = "[Online; accessed
13-June-2017
]"
 }

@misc{ wiki:bagofwords,
   author = "Wikipedia",
   title = "Bag-of-words model --- Wikipedia{,} The Free Encyclopedia",
   year = "2017",
   url = "\url{https://en.wikipedia.org/w/index.php?title=Bag-of-words_model&oldid=783273254}",
note = "[Online; accessed
13-June-2017
]"
 }
 
@misc{ randomforestclassifier,
   author = "Andreas Müller and others",
   title = "RandomForest Classifier documentation",
   year = "2017",
   url = "http://scikit-learn.org/stable/modules/generated/sklearn.ensemble.RandomForestClassifier.html",
note = "[Online; accessed
13-June-2017
]"
}

@misc{ randomforestclassifierberkeley,
   author = "Leo Breiman",
   title = " RANDOM FORESTS",
   year = "2017",
   url = "https://www.stat.berkeley.edu/~breiman/randomforest2001.pdf",
note = "[Online; accessed
13-June-2017
]"
}
 
 
@book{mitchell2015web,
  title={Web Scraping with Python: Collecting Data from the Modern Web},
  author={Mitchell, Ryan},
  year={2015},
  publisher={" O'Reilly Media, Inc."}
}

@article{fowler2001agile,
  title={The agile manifesto},
  author={Fowler, Martin and Highsmith, Jim},
  journal={Software Development},
  volume={9},
  number={8},
  pages={28--35},
  year={2001},
  publisher={[San Francisco, CA: Miller Freeman, Inc., 1993-}
}

@misc{ baggingpicture,
   author = "Google Sites",
   title = "Classification and Prediction - Wiki",
   year = "2017",
   url = "https://sites.google.com/a/kingofat.com/wiki/data-mining/classification",
note = "[Online; accessed
14-June-2017
]"
}

@misc{ randomforestpicture,
   author = "Cuong Nguyen, Yong Wang1, Ha Nam Nguyen",
   title = "Random forest classifier combined with feature selection for breast cancer diagnosis and prognostic",
   year = "2017",
   url = "http://file.scirp.org/Html/6-9101686_31887.htm",
note = "[Online; accessed
14-June-2017
]"
}

@misc{ nltk,
   author = "Steven Bird, Mikhail Korobov and others",
   title = "NLTK",
   year = "2017",
   url = "http://www.nltk.org/",
note = "[Online; accessed
15-June-2017
]"
}

@misc{ spamtutorial,
   author = "Kevin Markham",
   title = "pycon-2016-tutorial",
   year = "2017",
   url = "https://github.com/justmarkham/pycon-2016-tutorial",
note = "[Online; accessed
15-June-2017
]"
}


@book{lamport1994latex,
  title={LATEX: a document preparation system: user's guide and reference manual},
  author={Lamport, Leslie},
  year={1994},
  publisher={Addison-wesley}
}