@book{koza92,
		author    = "Koza, John R.",
		title     = "Genetic Programming: On the Programming of Computers by Means of Natural Selection",
		publisher = "MIT Press",
		year      = "1992"
}


@misc{ wiki:latex,
       author = "Wikipedia",
       title = "LaTeX --- Wikipedia{,} La enciclopedia libre",
       year = "2015",
       url = "https://es.wikipedia.org/w/index.php?title=LaTeX&oldid=84209252",
       note = "[Internet; descargado 30-septiembre-2015]"
}

@book{Chodorow:2010:MDG:1941134,
 author = {Chodorow, Kristina and Dirolf, Michael},
 title = {MongoDB: The Definitive Guide},
 year = {2010},
 isbn = {1449381561, 9781449381561},
 edition = {1st},
 publisher = {O'Reilly Media, Inc.},
}

@misc{ flaskmegatutorial,
   author = "Grinberg, Miguel",
   title = "The Flask Mega Tutorial",
   year = "2017",
   url = "https://blog.miguelgrinberg.com/post/the-flask-mega-tutorial-part-i-hello-world",
note = "[Online; accessed
15-June-2017
]"
}
